@book{schwichtenberg2018physics,
  title={Physics from symmetry},
  author={Schwichtenberg, Jakob},
  year={2018},
  publisher={Springer}
}
@book{peskin2018introduction,
  title={An introduction to quantum field theory},
  author={Peskin, Michael E},
  year={2018},
  publisher={CRC press}
}
@book{gradshteyn2014table,
  title={Table of integrals, series, and products},
  author={Gradshteyn, Izrail Solomonovich and Ryzhik, Iosif Moiseevich},
  year={2014},
  publisher={Academic press}
}